@article{manyika2011big,
	title={Big data: The next frontier for innovation, competition, and productivity},
	author={Manyika, James and Chui, Michael and Brown, Brad and Bughin, Jacques and Dobbs, Richard and Roxburgh, Charles and Byers, Angela H},
	year={2011}
}

@article{wu2014data,
	title={Data mining with big data},
	author={Wu, Xindong and Zhu, Xingquan and Wu, Gong-Qing and Ding, Wei},
	journal={IEEE transactions on knowledge and data engineering},
	volume={26},
	number={1},
	pages={97--107},
	year={2014},
	publisher={IEEE}
}

@article{reiter2011mprophet,
	title={mProphet: automated data processing and statistical validation for large-scale SRM experiments},
	author={Reiter, Lukas and Rinner, Oliver and Picotti, Paola and H{\"u}ttenhain, Ruth and Beck, Martin and Brusniak, Mi-Youn and Hengartner, Michael O and Aebersold, Ruedi},
	journal={Nature methods},
	volume={8},
	number={5},
	pages={430--435},
	year={2011},
	publisher={Nature Publishing Group}
}

@inproceedings{kohavi1995study,
	title={A study of cross-validation and bootstrap for accuracy estimation and model selection},
	author={Kohavi, Ron and others},
	booktitle={Ijcai},
	volume={14},
	number={2},
	pages={1137--1145},
	year={1995}
}

@article{ballou1985modeling,
	title={Modeling data and process quality in multi-input, multi-output information systems},
	author={Ballou, Donald P and Pazer, Harold L},
	journal={Management science},
	volume={31},
	number={2},
	pages={150--162},
	year={1985},
	publisher={INFORMS}
}
@article{dale1999optimal,
	title={Optimal experimental design for event-related fMRI},
	author={Dale, Anders M},
	journal={Human brain mapping},
	volume={8},
	number={2-3},
	pages={109--114},
	year={1999}
}
@article{banga2008parameter,
	title={Parameter estimation and optimal experimental design},
	author={Banga, Julio R and Balsa-Canto, Eva},
	journal={Essays in biochemistry},
	volume={45},
	pages={195--210},
	year={2008},
	publisher={Portland Press Limited}
}

@article{biswal2010toward,
	title={Toward discovery science of human brain function},
	author={Biswal, Bharat B and Mennes, Maarten and Zuo, Xi-Nian and Gohel, Suril and Kelly, Clare and Smith, Steve M and Beckmann, Christian F and Adelstein, Jonathan S and Buckner, Randy L and Colcombe, Stan and others},
	journal={Proceedings of the National Academy of Sciences},
	volume={107},
	number={10},
	pages={4734--4739},
	year={2010},
	publisher={National Acad Sciences}
}

@article{fox2005human,
	title={The human brain is intrinsically organized into dynamic, anticorrelated functional networks},
	author={Fox, Michael D and Snyder, Abraham Z and Vincent, Justin L and Corbetta, Maurizio and Van Essen, David C and Raichle, Marcus E},
	journal={Proceedings of the National Academy of Sciences of the United States of America},
	volume={102},
	number={27},
	pages={9673--9678},
	year={2005},
	publisher={National Acad Sciences}
}



@book{devroye2013probabilistic,
	title={A probabilistic theory of pattern recognition},
	author={Devroye, Luc and Gy{\"o}rfi, L{\'a}szl{\'o} and Lugosi, G{\'a}bor},
	volume={31},
	year={2013},
	publisher={Springer Science \& Business Media}
}

@book{jolliffe2002principal,
	title={Principal component analysis},
	author={Jolliffe, Ian},
	year={2002},
	publisher={Wiley Online Library}
}

@book{mai2015atlas,
	title={Atlas of the human brain},
	author={Mai, J{\"u}rgen K and Majtanik, Milan and Paxinos, George},
	year={2015},
	publisher={Academic Press}
}


@article{klein2009evaluation,
	title={Evaluation of 14 nonlinear deformation algorithms applied to human brain MRI registration},
	author={Klein, Arno and Andersson, Jesper and Ardekani, Babak A and Ashburner, John and Avants, Brian and Chiang, Ming-Chang and Christensen, Gary E and Collins, D Louis and Gee, James and Hellier, Pierre and others},
	journal={Neuroimage},
	volume={46},
	number={3},
	pages={786--802},
	year={2009},
	publisher={Elsevier}
}


@article{smith1999investigation,
	title={Investigation of low frequency drift in fMRI signal},
	author={Smith, Anne M and Lewis, Bobbi K and Ruttimann, Urs E and Frank, Q Ye and Sinnwell, Teresa M and Yang, Yihong and Duyn, Jeff H and Frank, Joseph A},
	journal={Neuroimage},
	volume={9},
	number={5},
	pages={526--533},
	year={1999},
	publisher={Elsevier}
}

@article{fox2009global,
	title={The global signal and observed anticorrelated resting state brain networks},
	author={Fox, Michael D and Zhang, Dongyang and Snyder, Abraham Z and Raichle, Marcus E},
	journal={Journal of neurophysiology},
	volume={101},
	number={6},
	pages={3270--3283},
	year={2009},
	publisher={Am Physiological Soc}
}

@article{hair2009multivariate,
	title={Multivariate data analysis},
	author={Hair, Joseph F},
	year={2009}
}


@article{westin2002processing,
	title={Processing and visualization for diffusion tensor MRI},
	author={Westin, C-F and Maier, Stephan E and Mamata, Hatsuho and Nabavi, Arya and Jolesz, Ferenc A and Kikinis, Ron},
	journal={Medical image analysis},
	volume={6},
	number={2},
	pages={93--108},
	year={2002},
	publisher={Elsevier}
}


@book{mori2005mri,
	title={MRI atlas of human white matter},
	author={Mori, Susumu and Wakana, Setsu and Van Zijl, Peter CM and Nagae-Poetscher, LM},
	year={2005},
	publisher={Elsevier}
}

@article{power2012spurious,
	title={Spurious but systematic correlations in functional connectivity MRI networks arise from subject motion},
	author={Power, Jonathan D and Barnes, Kelly A and Snyder, Abraham Z and Schlaggar, Bradley L and Petersen, Steven E},
	journal={Neuroimage},
	volume={59},
	number={3},
	pages={2142--2154},
	year={2012},
	publisher={Elsevier}
}


@article{craddock2012whole,
	title={A whole brain fMRI atlas generated via spatially constrained spectral clustering},
	author={Craddock, R Cameron and James, G Andrew and Holtzheimer, Paul E and Hu, Xiaoping P and Mayberg, Helen S},
	journal={Human brain mapping},
	volume={33},
	number={8},
	pages={1914--1928},
	year={2012},
	publisher={Wiley Online Library}
}

@article{desikan2006automated,
	title={An automated labeling system for subdividing the human cerebral cortex on MRI scans into gyral based regions of interest},
	author={Desikan, Rahul S and S{\'e}gonne, Florent and Fischl, Bruce and Quinn, Brian T and Dickerson, Bradford C and Blacker, Deborah and Buckner, Randy L and Dale, Anders M and Maguire, R Paul and Hyman, Bradley T and others},
	journal={Neuroimage},
	volume={31},
	number={3},
	pages={968--980},
	year={2006},
	publisher={Elsevier}
}


@article{avants2009advanced,
	title={Advanced normalization tools (ANTS)},
	author={Avants, Brian B and Tustison, Nick and Song, Gang},
	journal={Insight J},
	volume={2},
	pages={1--35},
	year={2009}
}

@article{andersson2007non,
	title={Non-linear registration, aka Spatial normalisation FMRIB technical report TR07JA2},
	author={Andersson, Jesper LR and Jenkinson, Mark and Smith, Stephen and others},
	journal={FMRIB Analysis Group of the University of Oxford},
	volume={2},
	year={2007}
}

@book{huettel2004functional,
	title={Functional magnetic resonance imaging},
	author={Huettel, Scott A and Song, Allen W and McCarthy, Gregory},
	volume={1},
	year={2004},
	publisher={Sinauer Associates Sunderland}
}

@book{bickel2015mathematical,
	title={Mathematical statistics: basic ideas and selected topics},
	author={Bickel, Peter J and Doksum, Kjell A},
	volume={2},
	year={2015},
	publisher={CRC Press}
}


@article{strother2006evaluating,
	title={Evaluating fMRI preprocessing pipelines},
	author={Strother, Stephen C},
	journal={IEEE Engineering in Medicine and Biology Magazine},
	volume={25},
	number={2},
	pages={27--41},
	year={2006}
}


@article{liang2012effects,
	title={Effects of different correlation metrics and preprocessing factors on small-world brain functional networks: a resting-state functional MRI study},
	author={Liang, Xia and Wang, Jinhui and Yan, Chaogan and Shu, Ni and Xu, Ke and Gong, Gaolang and He, Yong},
	journal={PloS one},
	volume={7},
	number={3},
	pages={e32766},
	year={2012},
	publisher={Public Library of Science}
}

@article{van2010exploring,
	title={Exploring the brain network: a review on resting-state fMRI functional connectivity},
	author={Van Den Heuvel, Martijn P and Pol, Hilleke E Hulshoff},
	journal={European Neuropsychopharmacology},
	volume={20},
	number={8},
	pages={519--534},
	year={2010},
	publisher={Elsevier}
}

@book{costa1992revised,
	title={Revised NEO personality inventory (NEO PI-R) and NEO five-factor inventory (NEO FFI): Professional manual},
	author={Costa, Paul T and MacCrae, Robert R},
	year={1992},
	publisher={Psychological Assessment Resources}
}

@article{van2012human,
	title={The Human Connectome Project: a data acquisition perspective},
	author={Van Essen, David C and Ugurbil, Kamil and Auerbach, E and Barch, D and Behrens, TEJ and Bucholz, R and Chang, A and Chen, Liyong and Corbetta, Maurizio and Curtiss, Sandra W and others},
	journal={Neuroimage},
	volume={62},
	number={4},
	pages={2222--2231},
	year={2012},
	publisher={Elsevier}
}

@book{vapnik1998statistical,
	title={Statistical learning theory},
	author={Vapnik, Vladimir Naumovich and Vapnik, Vlamimir},
	volume={1},
	year={1998},
	publisher={Wiley New York}
}

@article{hampson2002detection,
	title={Detection of functional connectivity using temporal correlations in MR images},
	author={Hampson, Michelle and Peterson, Bradley S and Skudlarski, Pawel and Gatenby, James C and Gore, John C},
	journal={Human brain mapping},
	volume={15},
	number={4},
	pages={247--262},
	year={2002},
	publisher={Wiley Online Library}
}


@article{shrout1979intraclass,
	title={Intraclass correlations: uses in assessing rater reliability.},
	author={Shrout, Patrick E and Fleiss, Joseph L},
	journal={Psychological bulletin},
	volume={86},
	number={2},
	pages={420},
	year={1979},
	publisher={American Psychological Association}
}
@article{shou2013quantifying,
	title={Quantifying the reliability of image replication studies: the image intraclass correlation coefficient (I2C2)},
	author={Shou, H and Eloyan, A and Lee, S and Zipunnikov, V and Crainiceanu, AN and Nebel, MB and Caffo, B and Lindquist, MA and Crainiceanu, CM},
	journal={Cognitive, Affective, \& Behavioral Neuroscience},
	volume={13},
	number={4},
	pages={714--724},
	year={2013},
	publisher={Springer}
}

@article{yue2015estimating,
	title={Estimating a graphical intra-class correlation coefficient (GICC) using multivariate probit-linear mixed models},
	author={Yue, Chen and Chen, Shaojie and Sair, Haris I and Airan, Raag and Caffo, Brian S},
	journal={Computational statistics \& data analysis},
	volume={89},
	pages={126--133},
	year={2015},
	publisher={Elsevier}
}

@article{yu2013stability,
	title={Stability},
	author={Yu, Bin and others},
	journal={Bernoulli},
	volume={19},
	number={4},
	pages={1484--1500},
	year={2013},
	publisher={Bernoulli Society for Mathematical Statistics and Probability}
}

@article{rizzo2010disco,
	title={Disco analysis: A nonparametric extension of analysis of variance},
	author={Rizzo, Maria L and Sz{\'e}kely, G{\'a}bor J and others},
	journal={The Annals of Applied Statistics},
	volume={4},
	number={2},
	pages={1034--1055},
	year={2010},
	publisher={Institute of Mathematical Statistics}
}



@article{strother2002quantitative,
	title={The quantitative evaluation of functional neuroimaging experiments: the NPAIRS data analysis framework},
	author={Strother, Stephen C and Anderson, Jon and Hansen, Lars Kai and Kjems, Ulrik and Kustra, Rafal and Sidtis, John and Frutiger, Sally and Muley, Suraj and LaConte, Stephen and Rottenberg, David},
	journal={NeuroImage},
	volume={15},
	number={4},
	pages={747--771},
	year={2002},
	publisher={Elsevier}
}

@article{braun2012test,
	title={Test--retest reliability of resting-state connectivity network characteristics using fMRI and graph theoretical measures},
	author={Braun, Urs and Plichta, Michael M and Esslinger, Christine and Sauer, Carina and Haddad, Leila and Grimm, Oliver and Mier, Daniela and Mohnke, Sebastian and Heinz, Andreas and Erk, Susanne and others},
	journal={Neuroimage},
	volume={59},
	number={2},
	pages={1404--1412},
	year={2012},
	publisher={Elsevier}
}

@article{zuo2010reliable,
	title={Reliable intrinsic connectivity networks: test--retest evaluation using ICA and dual regression approach},
	author={Zuo, Xi-Nian and Kelly, Clare and Adelstein, Jonathan S and Klein, Donald F and Castellanos, F Xavier and Milham, Michael P},
	journal={Neuroimage},
	volume={49},
	number={3},
	pages={2163--2177},
	year={2010},
	publisher={Elsevier}
}




@book{silverman1986density,
	title={Density estimation for statistics and data analysis},
	author={Silverman, Bernard W},
	volume={26},
	year={1986},
	publisher={CRC press}
}






@inproceedings{paley1932some,
	title={On some series of functions,(3)},
	author={Paley, REAC and Zygmund, A},
	booktitle={Mathematical Proceedings of the Cambridge Philosophical Society},
	volume={28},
	number={02},
	pages={190--205},
	year={1932},
	organization={Cambridge Univ Press}
}

@book{devijver1982pattern,
	title={Pattern recognition: A statistical approach},
	author={Devijver, Pierre A and Kittler, Josef},
	year={1982},
	publisher={Prentice hall}
}

@inproceedings{sikka2014towards,
	title={Towards automated analysis of connectomes: The configurable pipeline for the analysis of connectomes (c-pac)},
	author={Sikka, S and Cheung, B and Khanuja, R and Ghosh, S and Yan, C and Li, Q and Vogelstein, J and Burns, R and Colcombe, S and Craddock, C and others},
	booktitle={5th INCF Congress of Neuroinformatics, Munich, Germany},
	volume={10},
	year={2014}
}